% Bevezetés
@book{Buchmann::IntroductionToPublicKeyInfrastructures,
  author = {Buchmann, Johannes A. and Karatsiolis, Evangelos and Wiesmaier, Alexander},
  title = {Introduction to Public Key Infrastructures},
  year = {2013},
  isbn = {3642406564, 9783642406560},
  publisher = {Springer Publishing Company, Incorporated},
  pages = {{15--17, 105--107}}
}

% Elliptikus görbe kriptográfia
@book{GuideToEllipticCurveCryptography,
  author = {Darrel Hankerson and Alfred Menezes and Scott Vanstone},
  title = {{Guide to Elliptic Curve Cryptography}},
  year = {2004},
  publisher = {Springer-Verlag New York}
}

@book{Lang::EllipticCurve,
  author = {Serge Lang},
  title = {{Elliptic Curves: Diophantine Analysis}},
  year = {1978},
  publisher = {Springer-Verlag Berlin Heidelberg}
}

@article{Kobitz::ECC,
 author = {Koblitz, Neal},
 title = {Elliptic Curve Cryptosystems},
 journal = {Mathematics of Computation},
 issue_date = {January 1987},
 volume = {48},
 number = {177},
 month = {January},
 year = {1987},
 issn = {},
 pages = {203--209},
 numpages = {7},
 url = {https://www.jstor.org/stable/2007884},
 doi = {10.2307/2007884},
 acmid = {},
 publisher = {American Mathematical Society},
 address = {Providence, RI, USA},
 keywords = {Kobitz, Elliptic curve, ECC},
}

@article{Horner::HornerScheme,
 author = {Horner, William George},
 title = {A new method of solving numerical equations of all orders, by continuous approximation},
 journal = {Philosophical Transactions of the Royal Society of London},
 issue_date = {July 1819},
 volume = {109},
 number = {},
 month = {July},
 year = {1819},
 issn = {},
 pages = {308--335},
 numpages = {28},
 url = {https://www.jstor.org/stable/107508},
 doi = {},
 acmid = {},
 publisher = {The Royal Society},
 address = {London, UK},
 keywords = {Horner scheme},
}

@inproceedings{Miller::ECC,
 author = {Miller, Victor S.},
 title = {Use of elliptic curves in cryptography},
 booktitle = {{Lecture Notes in Computer Science}},
 series = {},
 year = {1985},
 isbn = {978-3-540-16463-0},
 pages = {417--426},
 numpages = {10},
 url = {https://doi.org/10.1007/3-540-39799-X_31},
 doi = {10.1007/3-540-39799-X_31},
 acmid = {},
 publisher = {Springer-Verlag Berlin Heidelberg},
 address = {Yorktown Heights NY, USA},
 keywords = {Miller, Elliptic curve, ECC},
}

@techreport{NIST::EllipticCurve,
  doi = {10.6028/nist.fips.186-4},
  url = {https://doi.org/10.6028/nist.fips.186-4},
  year  = {2013},
  month = {jul},
  publisher = {National Institute of Standards and Technology},
  title = {{Digital Signature Standard ({DSS})}}
}

@online{NSA::EllipticCurve,
  organization = {{National Security Agency}},
  title = {{The Case for Elliptic Curve Cryptography}},
  url = {https://web.archive.org/web/20090117023500/http://www.nsa.gov/business/programs/elliptic_curve.shtml},
  year = {2009},
  urldate = {2018. 10. 16.}
}

@online{PARI,
  organization = {{The PARI~Group}},
  title = {{PARI/GP version {\tt 2.11.0}}},
  year = {2018},
  address = {Univ. Bordeaux},
  url = {http://pari.math.u-bordeaux.fr/},
  urldate = {2018. 10. 16.}
}

% Identity-based Encryption
@inproceedings{ReducingEllipticCurveLogarithms,
  doi = {10.1145/103418.103434},
  url = {https://doi.org/10.1145/103418.103434},
  year  = {1991},
  publisher = {{ACM} Press},
  author = {Menezes, Alfred and Vanstone, Scott and Okamoto, Tatsuaki},
  title = {Reducing elliptic curve logarithms to logarithms in a finite field},
  booktitle = {{Proceedings of the twenty-third annual {ACM} symposium on Theory of computing  - {STOC} {\textquotesingle}91}}
}

@incollection{JouxPairingBasedCrypto,
  doi = {10.1007/10722028_23},
  url = {https://doi.org/10.1007/10722028_23},
  year  = {2000},
  publisher = {{Springer Berlin Heidelberg}},
  pages = {385--393},
  author = {Antoine Joux},
  title = {{A One Round Protocol for Tripartite Diffie-Hellman}},
  booktitle = {{Lecture Notes in Computer Science}}
}

@inproceedings{Boneh::IdentityBasedEncryptionFromTheWeilPairing,
 author = {Boneh, Dan and Franklin, Matthew K.},
 title = {{Identity-Based Encryption from the Weil Pairing}},
 booktitle = {{Proceedings of the 21st Annual International Cryptology Conference on Advances in Cryptology}},
 series = {CRYPTO '01},
 year = {2001},
 isbn = {3-540-42456-3},
 pages = {213--229},
 numpages = {17},
 url = {http://dl.acm.org/citation.cfm?id=646766.704155},
 acmid = {704155},
 publisher = {Springer-Verlag},
 address = {London, UK, UK},
}

@book{GuideToPairingBasedCrypto,
 author = {Mrabet, Nadia El and Joye, Marc},
 title = {{Guide to Pairing-Based Cryptography}},
 year = {2016},
 isbn = {1498729509, 9781498729505},
 publisher = {Chapman \& Hall/CRC},
 pages = {1--2}
} 

@inproceedings{AdiShamirIBE,
 author = {Shamir, Adi},
 title = {{Identity-based Cryptosystems and Signature Schemes}},
 booktitle = {{Proceedings of CRYPTO 84 on Advances in Cryptology}},
 year = {1985},
 isbn = {0-387-15658-5},
 location = {Santa Barbara, California, USA},
 pages = {47--53},
 numpages = {7},
 url = {http://dl.acm.org/citation.cfm?id=19478.19483},
 acmid = {19483},
 publisher = {Springer-Verlag New York, Inc.},
 address = {New York, NY, USA},
}

@Book{Martin::IntroductionToIdentityBasedEncryption,
 author = {Martin, Luther},
 title = {{Introduction to Identity-based Encryption}},
 publisher = {Artech House},
 year = {2008},
 address = {Boston},
 isbn = {978-1-59693-238-8},
 pages = {161--172}
 }

% WebAssembly
@online{JavaScriptAnnouncement,
  title = {{Netscape and Sun announce JavaScript, the open, cross-platform object scripting language for enterprise networks and the Internet}},
  url = {https://tech-insider.org/java/research/1995/1204.html},
  year = 1995,
  urldate = {2018. 10. 12.}
}

@online{JavaAnnouncement,
  title = {{JavaSoft ships Java 1.0}},
  url = {https://tech-insider.org/java/research/1996/0123.html},
  year = 1996,
  urldate = {2018. 10. 12.}
}
@book{Schildt::JavaTheCompleteReference,
 author = {Herbert Schildt},
 title = {{Java: The Complete Reference, Ninth Edition}},
 year = {2014},
 publisher = {McGraw-Hill Education},
 pages = {8--10}
}
@online{JavaDocs::java.applet.Applet,
  title = {{JavaDocs: java.applet.Applet}},
  url = {https://docs.oracle.com/javase/8/docs/api/java/applet/Applet.html},
  year = 2018,
  urldate = {2018. 10. 12.}
}
@online{TheJavaTutorials::JavaApplets,
  title = {{The Java Tutorials: Java Applets}},
  url = {https://docs.oracle.com/javase/tutorial/deployment/applet/index.html},
  year = 2018,
  urldate = {2018. 10. 12.}
}
@online{JavaPlugInTechnology,
  title = {{Java Plug-In Technology}},
  url = {https://www.oracle.com/technetwork/java/index-jsp-141438.html},
  year = 2018,
  urldate = {2018. 10. 12.}
}
@online{JEP289::DeprecateTheAppletAPI,
  title = {{JEP-289}},
  url = {http://openjdk.java.net/jeps/289},
  year = 2017,
  urldate = {2018. 10. 12.}
}

@online{Gay::TheHistoryOfFlash,
  author = {Jonathan Gay},
  title = {{The History of Flash}},
  url = {https://web.archive.org/web/20090202103237/http://www.adobe.com:80/macromedia/events/john_gay/index.html},
  year = 2001,
  urldate = {2018. 10. 12.}
}
@online{AdobeFlashPlayer,
  title = {{Adobe Flash Player}},
  url = {https://www.adobe.com/hu/products/flashplayer.html},
  year = 2018,
  urldate = {2018. 10. 12.}
}
@online{Jobs::ThoughtsOnFlash,
  author = {Steve Jobs},
  title = {{Thoughts on Flash}},
  url = {https://www.apple.com/hotnews/thoughts-on-flash/},
  year = 2010,
  urldate = {2018. 10. 12.}
}
@online{Evans::FlashWillSoonBeObsolete,
  author = {David Evans},
  title = {{Flash Will Soon Be Obsolete: It's Time for Agencies to Adapt}},
  url = {https://adage.com/article/digitalnext/flash-obsolete-time-agencies-adapt/298946/},
  year = 2015,
  urldate = {2018. 10. 12.}
}
@online{FlashAndTheFutureOfInteractiveContent,
  title = {{Flash \& The Future of Interactive Content}},
  url = {https://theblog.adobe.com/adobe-flash-update/},
  year = 2017,
  urldate = {2018. 10. 12.}
}

@online{MicrosoftAnnouncesActiveXTechnologies,
  title = {{Microsoft Announces ActiveX Technologies}},
  url = {https://news.microsoft.com/1996/03/12/microsoft-announces-activex-technologies/},
  year = 1996,
  urldate = {2018. 10. 12.}
}
@online{DesigningSecureActiveXControls,
  title = {{Designing Secure ActiveX Controls}},
  url = {https://docs.microsoft.com/en-us/previous-versions/windows/internet-explorer/ie-developer/platform-apis/aa752035%28v%3dvs.85%29},
  year = 2017,
  urldate = {2018. 10. 12.}
}
@book{Grimes::MaliciousMobileCode,
 author = {Roger A. Grimes},
 title = {{Malicious Mobile Code: Virus Protection for Windows}},
 year = {2001},
 publisher = {O'Reilly Media},
 pages = {341--345, 346-364}
}
@online{ABreakFromThePast,
  title = {{A break from the past}},
  subtitle = {{Part 2: Saying goodbye to ActiveX, VBScript, attachEvent…}},
  url = {https://blogs.windows.com/msedgedev/2015/05/06/a-break-from-the-past-part-2-saying-goodbye-to-activex-vbscript-attachevent/},
  year = 2015,
  urldate = {2018. 10. 12.}
}

@inproceedings{Yee::NativeClient,
 author = {Yee, Bennet and Sehr, David and Dardyk, Gregory and Chen, J. Bradley and Muth, Robert and Ormandy, Tavis and Okasaka, Shiki and Narula, Neha and Fullagar, Nicholas},
 title = {Native Client: A Sandbox for Portable, Untrusted x86 Native Code},
 booktitle = {Proceedings of the 2009 30th IEEE Symposium on Security and Privacy},
 series = {SP '09},
 year = {2009},
 isbn = {978-0-7695-3633-0},
 pages = {79--93},
 numpages = {15},
 url = {https://doi.org/10.1109/SP.2009.25},
 doi = {10.1109/SP.2009.25},
 acmid = {1608126},
 publisher = {IEEE Computer Society},
 address = {Washington, DC, USA},
 keywords = {Security, World Wide Web},
} 
@online{NativeClient::NaClAndPNaCl,
  title = {{NaCl and PNaCl}},
  url = {https://developer.chrome.com/native-client/nacl-and-pnacl},
  year = 2017,
  urldate = {2018. 10. 13.},
  organization = {{Google}}
}
@online{NativeClient::TechnicalOverview,
  title = {{Native Client: Technical Overview}},
  url = {https://developer.chrome.com/native-client/overview},
  year = 2017,
  urldate = {2018. 10. 13.},
  organization = {{Google}}
}
@online{Nelson::GoodbyePNaClHelloWebAssembly,
  author = {Brad Nelson},
  title = {{Goodbye PNaCl, Hello WebAssembly!}},
  url = {https://blog.chromium.org/2017/05/goodbye-pnacl-hello-webassembly.html},
  year = 2017,
  urldate = {2018. 10. 13.}
}

@online{ListOfLanguagesThatCompileToJS,
  title = {{List of languages that compile to JS}},
  url = {https://github.com/jashkenas/coffeescript/wiki/List-of-languages-that-compile-to-JS},
  year = 2018,
  urldate = {2018. 10. 13.}
}
@online{Zakai::BigWebAppCompileIt,
  author = {Alon Zakai},
  title = {{Big Web App? Compile It!}},
  url = {kripken.github.io/mloc_emscripten_talk/},
  year = 2015,
  urldate = {2018. 10. 13.}
}
@online{GitHub::EmitWebAssemblyByDefaultInsteadOfAsmJs,
  title = {{Emit WebAssembly by default instead of asm.js}},
  url = {https://github.com/kripken/emscripten/issues/6168},
  year = 2018,
  urldate = {2018. 10. 13.}
}


@online{WebAssemblySpecification,
  title = {{WebAssembly Specification}},
  url = {https://webassembly.github.io/spec/core/_download/WebAssembly.pdf},
  year = 2018,
  urldate = {2018. 10. 13.},
  organization = {{WebAssembly Community Group}}
}
@online{CanIUseWebAssembly,
  title = {{Can I use WebAssembly?}},
  url = {https://caniuse.com/#feat=wasm},
  year = 2018,
  urldate = {2018. 10. 13.}
}
@article{Haas::BringingTheWebUpToSpeedWithWebAssembly,
 author = {Haas, Andreas and Rossberg, Andreas and Schuff, Derek L. and Titzer, Ben L. and Holman, Michael and Gohman, Dan and Wagner, Luke and Zakai, Alon and Bastien, JF},
 title = {Bringing the Web Up to Speed with WebAssembly},
 journal = {SIGPLAN Not.},
 issue_date = {June 2017},
 volume = {52},
 number = {6},
 month = {jun},
 year = {2017},
 issn = {0362-1340},
 pages = {185--200},
 numpages = {16},
 url = {http://doi.acm.org/10.1145/3140587.3062363},
 doi = {10.1145/3140587.3062363},
 acmid = {3062363},
 publisher = {ACM},
 address = {New York, NY, USA},
 keywords = {assembly languages, just-in-time compilers, programming languages, type systems, virtual machines},
} 
@book{Friedman::EssentialsOfProgrammingLanguages,
 author = {Daniel P. Friedman and Mitchell Wand},
 title = {Essentials of Programming Languages, 3rd Edition},
 year = {2008},
 publisher = {The MIT Press},
 pages = {766} 
}
@online{WebAssemblyJavaScriptInterface,
  title = {{WebAssembly JavaScript Interface}},
  url = {https://webassembly.github.io/spec/js-api/index.html},
  year = 2018,
  urldate = {2018. 10. 13.},
  editor = {{Daniel Ehrenberg}}
}
@online{WebAssemblyWebAPI,
  title = {{WebAssembly Web API}},
  url = {https://webassembly.github.io/spec/web-api/index.html},
  year = 2018,
  urldate = {2018. 10. 13.},
  editor = {{Daniel Ehrenberg}}
}
@online{Zakai::WhyWebAssemblyIsFasterThanAsmJs,
  author = {Alon Zakai},
  title = {{Why WebAssembly is Faster Than asm.js}},
  url = {https://hacks.mozilla.org/2017/03/why-webassembly-is-faster-than-asm-js/},
  year = 2017,
  urldate = {2018. 10. 13.}
}
@online{Clark::WhatMakesWebAssemblyFast,
  author = {Lin Clark},
  title = {{What makes WebAssembly fast?}},
  url = {https://hacks.mozilla.org/2017/02/what-makes-webassembly-fast/},
  year = 2017,
  urldate = {2018. 10. 13.}
}
@online{Clark::ACrashCourseInJustInTimeCompilers,
  author = {Lin Clark},
  title = {{A crash course in just-in-time (JIT) compilers}},
  url = {https://hacks.mozilla.org/2017/02/a-crash-course-in-just-in-time-jit-compilers/},
  year = 2017,
  urldate = {2018. 10. 13.}
}

%CryptID
@article{RFC5091,
  author    = {Xavier Boyen and Luther Martin},
  title     = {Identity-Based Cryptography Standard {(IBCS)} {\#}1: Supersingular
               Curve Implementations of the {BF} and {BB1} Cryptosystems},
  journal   = {{RFC}},
  volume    = {5091},
  pages     = {1--63},
  year      = {2007},
  url       = {https://doi.org/10.17487/RFC5091},
  doi       = {10.17487/RFC5091},
  timestamp = {Wed, 29 Nov 2017 14:45:06 +0100},
  biburl    = {https://dblp.org/rec/bib/journals/rfc/rfc5091},
  bibsource = {dblp computer science bibliography, https://dblp.org}
}
@online{Wheeler::SecureProgrammingForLinuxAndUnixHOWTO,
  author = {David A. Wheeler},
  title = {{Secure Programming HOWTO}},
  url = {https://dwheeler.com/secure-programs/Secure-Programs-HOWTO.pdf},
  year = 2015,
  urldate = {2018. 10. 16.},
  pages = {9--15}
}
@book{ECMAScript2015Specification,
  title = {{ECMAScript 2015 Language Specification}},
  url = {http://www.ecma-international.org/ecma-262/6.0/ECMA-262.pdf},
  year = 2015,
  urldate = {2018. 10. 17.},
  editor = {{Ecma International}}
}
@book{Bloch::EffectiveJava,
 author = {Bloch, Joshua},
 title = {{Effective Java (2nd Edition) (The Java Series)}},
 year = {2008},
 isbn = {0321356683, 9780321356680},
 edition = {2},
 publisher = {Prentice Hall PTR},
 address = {Upper Saddle River, NJ, USA},
 pages = {241--243}
} 

@misc{BernsteinLange::ECC,
  doi = {10.1090/conm/461/08979},
  url = {https://doi.org/10.1090/conm/461/08979},
  year  = {2008},
  publisher = {American Mathematical Society},
  pages = {1--19},
  author = {Daniel J. Bernstein and Tanja Lange},
  title = {Analysis and optimization of elliptic-curve single-scalar multiplication}
}

@mastersthesis{Nyakacska::ECC-PBC,
  author = {Lilla Nyakacska},
  title = {Elliptikus görbék és bilineáris párosítások},
  school = {Debreceni Egyetem},
  year = {2016},
  address = {Debrecen, Hungary},
  month = 11,
  url = {http://hdl.handle.net/2437/232828}
}

@online{GMP,
  title = {{GNU MP}: {T}he {GNU} {M}ultiple {P}recision {A}rithmetic {L}ibrary},
  author = {Torbjörn Granlund and {the GMP development team}},
  edition = {6.1.2},
  year = {2016},
  url = {http://gmplib.org/},
  urldate = {2018. 10. 16.}
}

@online{OpenSSL,
  title = {{OpenSSL Cryptography and SSL/TLS Toolkit}},
  organization = {{OpenSSL Software Foundation}},
  edition = {1.1.0h},
  year = {2018},
  url = {https://www.openssl.org},
  urldate = {2018. 10. 16.}
}

@article{HeubergerMazzoli::ECCScalarMultiplication,
  doi = {10.1016/j.tcs.2014.06.010},
  url = {https://doi.org/10.1016/j.tcs.2014.06.010},
  year  = {2014},
  month = {aug},
  publisher = {Elsevier {BV}},
  volume = {547},
  pages = {18--33},
  author = {Clemens Heuberger and Michela Mazzoli},
  title = {Symmetric digit sets for elliptic curve scalar multiplication without precomputation},
  journal = {Theoretical Computer Science}
}

@mastersthesis{ECCScalarMultiplicationAnalysis,
  author = {Ayça Bahar {\printsecond{OpenSSL}{Özcan}}},
  title = {Performance analysis of elliptic curve multiplication algorithms for elliptic curve cryptography},
  school = {Middle East Technical University},
  year = {2006},
  address = {Ankara, Turkey},
  month = 9,
  url = {https://etd.lib.metu.edu.tr/upload/12607698/index.pdf}
}

@phdthesis{Lynn::PBC,
  author = {Ben Lynn}, 
  title = {On the implementation of pairing-based cryptosystems},
  school = {Stanford University},
  year = {2007},
  address = {Stanford, CA, USA},
  month = 6,
  url = {https://crypto.stanford.edu/pbc/thesis.pdf}
}

@mastersthesis{Kovacs::IBE,
  author = {Gábor Kovács},
  title = {Személyre szabott titkosítási rendszerek megvalósítása},
  school = {Debreceni Egyetem},
  year = {2014},
  address = {Debrecen, Hungary},
  month = 5,
  url = {http://hdl.handle.net/2437/193181}
}

# Összefoglalás
@article{Yi::IBS,
  doi = {10.1109/lcomm.2002.808397},
  url = {https://doi.org/10.1109/lcomm.2002.808397},
  year  = {2003},
  month = {feb},
  publisher = {Institute of Electrical and Electronics Engineers ({IEEE})},
  volume = {7},
  number = {2},
  pages = {76--78},
  author = {Xun Yi},
  title = {An identity-based signature scheme from the Weil pairing},
  journal = {{IEEE} Communications Letters}
}

@inproceedings{Huszti::IdentityBasedCloudAuthentication,
 author = {Andrea Huszti and Norbert Oláh},
 title = {{Identity-Based Cloud Authentication Protocol}},
 booktitle = {{The 11th Conference of PhD Students in Computer Science}},
 year = {2018},
 location = {Szeged, Hungary},
 pages = {33--36},
 numpages = {4},
 url = {http://www.inf.u-szeged.hu/~cscs/pdf/cscs2018.pdf},
 publisher = {University of Szeged, Institute of Informatics},
}
